<record><leader>00000cas a22000007a 4500</leader><controlfield tag="001">23951830</controlfield><controlfield tag="008">910618d19021902nyuwr ne      0    0eng d</controlfield><datafield ind1=" " ind2=" " tag="010"><subfield code="a">sn 91066284 </subfield></datafield><datafield ind1=" " ind2=" " tag="040"><subfield code="a">NYS</subfield><subfield code="b">eng</subfield><subfield code="c">NYS</subfield><subfield code="d">DLC</subfield><subfield code="d">NYS</subfield><subfield code="d">OCLCQ</subfield></datafield><datafield ind1=" " ind2=" " tag="042"><subfield code="a">msc</subfield></datafield><datafield ind1="0" ind2=" " tag="130"><subfield code="a">Hartwick review (Hartwick, N.Y.)</subfield></datafield><datafield ind1="1" ind2="4" tag="245"><subfield code="a">The Hartwick review.</subfield></datafield><datafield ind1=" " ind2=" " tag="260"><subfield code="a">Hartwick, Otsego County, N.Y. :</subfield><subfield code="b">W.P. Van Dyke, R.P. Stoddard</subfield></datafield><datafield ind1=" " ind2=" " tag="300"><subfield code="a">v. ;</subfield><subfield code="c">60 cm.</subfield></datafield><datafield ind1=" " ind2=" " tag="310"><subfield code="a">Weekly</subfield></datafield><datafield ind1="1" ind2=" " tag="362"><subfield code="a">Began in 1902? Ceased in 1902.</subfield></datafield><datafield ind1=" " ind2=" " tag="588"><subfield code="a">Description based on: Vol. 1, no. 3 (May 22, 1902).</subfield></datafield><datafield ind1=" " ind2="4" tag="651"><subfield code="a">Hartwick (N.Y.)</subfield><subfield code="v">Newspapers.</subfield></datafield><datafield ind1=" " ind2=" " tag="752"><subfield code="a">United States</subfield><subfield code="b">New York</subfield><subfield code="c">Otsego</subfield><subfield code="d">Hartwick.</subfield></datafield><datafield ind1="0" ind2="7" tag="785"><subfield code="t">Harwick visitor</subfield><subfield code="w">(DLC)sn 91066275</subfield></datafield><datafield ind1="0" ind2="7" tag="785"><subfield code="t">Hartwick review and visitor</subfield><subfield code="w">(DLC)sn 91066276</subfield></datafield><datafield ind1="1" ind2=" " tag="029"><subfield code="a">AU@</subfield><subfield code="b">000025906410</subfield></datafield></record>